@misc{andriushchenko2023sgd,
      title={SGD with Large Step Sizes Learns Sparse Features},
      author={Maksym Andriushchenko and Aditya Varre and Loucas Pillaud-Vivien and Nicolas Flammarion},
      year={2023},
      eprint={2210.05337},
      archivePrefix={arXiv},
      primaryClass={cs.LG}
}
