@book{johnson_1997,
    place={Cambridge},
    series={Cambridge Texts in Applied Mathematics},
    title={A Modern Introduction to the Mathematical Theory of Water Waves},
    DOI={10.1017/CBO9780511624056},
    publisher={Cambridge University Press},
    author={Johnson, R. S.},
    year={1997},
    collection={Cambridge Texts in Applied Mathematics}
}

@book{vallis_2017,
    place={Cambridge},
    edition={2},
    title={Atmospheric and Oceanic Fluid Dynamics: Fundamentals and Large-Scale Circulation},
    DOI={10.1017/9781107588417},
    publisher={Cambridge University Press},
    author={Vallis, Geoffrey K.},
    year={2017}
}

@article{constantin_tsunami,
    title = {On the propagation of tsunami waves, with emphasis on the tsunami of 2004},
    journal = {Discrete and Continuous Dynamical Systems - B},
    volume = {12},
    number = {3},
    pages = {525-537},
    year = {2009},
    author = {Adrian Constantin}
}

@article{rupert_2009,
    author = {Klein, Rupert},
    year = {2009},
    month = {12},
    pages = {249-274},
    title = {Scale-Dependent Models for Atmospheric Flows},
    volume = {42},
    journal = {Annual Review of Fluid Mechanics},
    doi = {10.1146/annurev-fluid-121108-145537}
}

@book{mathe-physik,
    edition={3},
    title={Mathemaik f√ºr Physiker},
    DOI={10.1007/978-3-642-37654-2},
    publisher={Springer-Verlag Berlin Heidelberg 2013},
    author={Hans Kerner, Wolf Wahl},
    year={2013}
}
