@INPROCEEDINGS{lamperski_2022,
  author={Lamperski, Andrew},
  booktitle={2022 IEEE 61st Conference on Decision and Control (CDC)},
  title={Neural Network Independence Properties with Applications to Adaptive Control},
  year={2022},
  volume={},
  number={},
  pages={3365-3370},
  doi={10.1109/CDC51059.2022.9992994}
}

