@misc{andriushchenko2023sgd,
    title={SGD with Large Step Sizes Learns Sparse Features},
    author={Maksym Andriushchenko and Aditya Varre and Loucas Pillaud-Vivien and Nicolas Flammarion},
    year={2023},
    eprint={2210.05337},
    archivePrefix={arXiv},
    primaryClass={cs.LG}
}

@book{shalev2014understanding,
    title={Understanding Machine Learning: From Theory to Algorithms},
    author={Shalev-Shwartz, S. and Ben-David, S.},
    isbn={9781107057135},
    lccn={2014001779},
    series={Understanding Machine Learning: From Theory to Algorithms},
    url={https://books.google.pt/books?id=ttJkAwAAQBAJ},
    year={2014},
    publisher={Cambridge University Press}
}

@misc{li2018stochastic,
      title={Stochastic Modified Equations and Dynamics of Stochastic Gradient Algorithms I: Mathematical Foundations},
      author={Qianxiao Li and Cheng Tai and Weinan E},
      year={2018},
      eprint={1811.01558},
      archivePrefix={arXiv},
      primaryClass={cs.LG}
}

@misc{pillaudvivien2022label,
      title={Label noise (stochastic) gradient descent implicitly solves the Lasso for quadratic parametrisation},
      author={Loucas Pillaud-Vivien and Julien Reygner and Nicolas Flammarion},
      year={2022},
      eprint={2206.09841},
      archivePrefix={arXiv},
      primaryClass={stat.ML}
}
