@misc{andriushchenko2023sgd,
    title={SGD with Large Step Sizes Learns Sparse Features},
    author={Maksym Andriushchenko and Aditya Varre and Loucas Pillaud-Vivien and Nicolas Flammarion},
    year={2023},
    eprint={2210.05337},
    archivePrefix={arXiv},
    primaryClass={cs.LG}
}

@article{fast_armijo_2022,
    author = {Hafshejani, Sajad and Gaur, Daya and Hossain, Shahadat and Benkoczi, Robert},
    year = {2022},
    month = {11},
    pages = {},
    title = {Fast Armijo line search for stochastic gradient descent},
    doi = {10.21203/rs.3.rs-2285238/v1}
}

@book{shalev2014understanding,
    title={Understanding Machine Learning: From Theory to Algorithms},
    author={Shalev-Shwartz, S. and Ben-David, S.},
    isbn={9781107057135},
    lccn={2014001779},
    series={Understanding Machine Learning: From Theory to Algorithms},
    url={https://books.google.pt/books?id=ttJkAwAAQBAJ},
    year={2014},
    publisher={Cambridge University Press}
}
